@article{levenberg1944method,
	title = {A method for the solution of certain non-linear problems in least
	         squares},
	author = {Levenberg, Kenneth},
	journal = {Quarterly of Applied Mathematics},
	volume = {2},
	number = {2},
	pages = {164--168},
	year = {1944},
	publisher = {American Mathematical Society},
}

@article{marquardt1963algorithm,
	title = {An algorithm for least-squares estimation of nonlinear parameters},
	author = {Marquardt, Donald W},
	journal = {Journal of the Society for Industrial and Applied Mathematics},
	volume = {11},
	number = {2},
	pages = {431--441},
	year = {1963},
	publisher = {SIAM},
}

@book{nocedal2006numerical,
	title = {Numerical optimization},
	author = {Nocedal, Jorge and Wright, Stephen J},
	year = {2006},
	edition = {2},
	publisher = {Springer Science & Business Media},
}

@misc{gavin2020levenberg,
	author = {Gavin, Henri P.},
	title = {The {L}evenberg-{M}arquardt method for nonlinear least squares
	         curve-fitting problems},
	howpublished = {Department of Civil and Environmental Engineering, Duke
	                University, Durham, NC},
	year = {2020},
	note = {Available online},
}
