@article{Adcroft2019MOM6,
  author  = {Adcroft, Alistair and Anderson, Whit and Balaji, V. and Blanton, Chris and Bushuk, Mitchell and Dufour, Carolina O. and Dunne, John P. and Griffies, Stephen M. and Hallberg, Robert and Harrison, Matthew J. and Held, Isaac M. and Jansen, Malte F. and John, Jasmin G. and Krasting, John P. and Langenhorst, Amy R. and Legg, Sonya and Liang, Zhi and McHugh, Colleen and Radhakrishnan, Aparna and Reichl, Brandon G. and Rosati, Tony and Samuels, Bonita L. and Shao, Andrew and Stouffer, Ronald and Winton, Michael and Wittenberg, Andrew T. and Xiang, Baoqiang and Zadeh, Niki and Zhang, Rong},
  title   = {The {GFDL} global ocean and sea ice model {OM4.0}: {Model} description and simulation features},
  journal = {Journal of Advances in Modeling Earth Systems},
  volume  = {11},
  number  = {10},
  pages   = {3167--3211},
  year    = {2019},
  doi     = {10.1029/2019MS001726},
}

@article{marshall1997finite,
  title   = {A finite-volume, incompressible {Navier Stokes} model for studies of the ocean on parallel computers},
  author  = {Marshall, John and Adcroft, Alistair and Hill, Chris and Perelman, Lev and Heisey, Curt},
  journal = {Journal of Geophysical Research: Oceans},
  volume  = {102},
  number  = {C3},
  pages   = {5753--5766},
  year    = {1997},
  doi     = {10.1029/96JC02775}
}

@article{shchepetkin2005regional,
  title   = {The regional oceanic modeling system ({ROMS}): a split-explicit, free-surface, topography-following-coordinate oceanic model},
  author  = {Shchepetkin, Alexander F and McWilliams, James C},
  journal = {Ocean Modelling},
  volume  = {9},
  number  = {4},
  pages   = {347--404},
  year    = {2005},
  doi     = {10.1016/j.ocemod.2004.08.002}
}

@misc{xesmf,
  author    = {Jiawei Zhuang and Raphael Dussin and David Huard and Pascal Bourgault and Anderson Banihirwe and Stephane Raynaud and Brewster Malevich and Martin Schupfner and Filipe and Sam Levang and Charles Gauthier and André Jüling and Mattia Almansi and Richard Scott and RondeauG and Stephan Rasp and Trevor James Smith and Jemma Stachelek and Matthew Plough and Xianxiang Li},
  title     = {{xESMF: Universal regridder for geospatial data}},
  year      = {2023},
  publisher = {Zenodo},
  journal   = {GitHub repository},
  url       = {https://github.com/pangeo-data/xESMF},
  doi       = {10.5281/zenodo.4294774}
}

@misc{tasmantides,
  author    = {Ashley J. Barnes},
  title     = {tasman-tides},
  year      = {2024},
  publisher = {GitHub},
  journal   = {GitHub repository},
  url       = {https://github.com/ashjbarnes/tasman-tides}
}

@misc{mitgcmpy,
  author    = {Kaitlin Naughten and Dani Jones},
  year      = {2023},
  title     = {{MITgcm\_python}},
  publisher = {GitHub},
  journal   = {GitHub repository},
  url       = {https://github.com/knaughten/mitgcm_python}
}

@misc{pyroms,
  author    = {Kate Hedstrom and contributors},
  year      = {2023},
  title     = {Pyroms},
  publisher = {GitHub},
  journal   = {GitHub repository},
  url       = {https://github.com/ESMG/pyroms}
}

@misc{gridtools,
  author    = {James Simkins and Rob Cermak and Kate Hedstrom and Angus Gibson},
  year      = {2021},
  title     = {{Earth System Modeling Group (ESMG)} gridtools},
  publisher = {GitHub},
  journal   = {GitHub repository},
  url       = {https://github.com/ESMG/gridtools}
}

@misc{gebco,
  author    = {{GEBCO Bathymetric Compilation Group 2023}},
  year      = {2023},
  title     = {The {GEBCO\_2023 Grid} - a continuous terrain model of the global oceans and land},
  publisher = {NERC EDS British Oceanographic Data Centre NOC},
  url       = {https://doi.org/10.5285/f98b053b-0cbc-6c23-e053-6c86abc0af7b},
  doi       = {10.5285/f98b053b-0cbc-6c23-e053-6c86abc0af7b}
  }

@misc{glorys,
  author    = {{Copernicus Marine Services}},
  year      = {2024},
  title     = {Global Ocean Physics Reanalysis},
  publisher = {Mercator Ocean International},
  url       = {https://doi.org/10.48670/moi-00021},
  doi       = {10.48670/moi-00021}
}

@article{polton2023reproducible,
  author  = {Polton, J. and Harle, J. and Holt, J. and Katavouta, A. and Partridge, D. and Jardine, J. and Wakelin, S. and Rulent, J. and Wise, A. and Hutchinson, K. and Byrne, D. and Bruciaferri, D. and O'Dea, E. and De Dominicis, M. and Mathiot, P. and Coward, A. and Yool, A. and Palmi\'eri, J. and Lessin, G. and Mayorga-Adame, C. G. and Le Guennec, V. and Arnold, A. and Rousset, C.},
  title   = {Reproducible and relocatable regional ocean modelling: fundamentals and practices},
  journal = {Geoscientific Model Development},
  volume  = {16},
  year    = {2023},
  number  = {5},
  pages   = {1481--1510},
  doi     = {10.5194/gmd-16-1481-2023}
}

@misc{era5,
  author    = {{Copernicus Climate Change Service}},
  year      = {2024},
  title     = {{ECMWF Reanalysis v5}},
  publisher = {European Centre for Medium-Range Weather Forecasts},
  url       = {https://doi.org/10.48670/moi-00021},
  doi       = {10.48670/moi-00021}
}

@article{egusphere-2024-394,
  author  = {Ross, A. C. and Stock, C. A. and Koul, V. and Delworth, T. L. and Lu, F. and Wittenberg, A. and Alexander, M. A.},
  doi     = {10.5194/egusphere-2024-394},
  journal = {EGUsphere},
  pages   = {1--40},
  title   = {Dynamically downscaled seasonal ocean forecasts for {North American East Coast} ecosystems},
  url     = {https://egusphere.copernicus.org/preprints/2024/egusphere-2024-394/},
  volume  = {2024},
  year    = {2024}
}

@article{gmd-16-6943-2023,
  author  = {Ross, A. C. and Stock, C. A. and Adcroft, A. and Curchitser, E. and Hallberg, R. and Harrison, M. J. and Hedstrom, K. and Zadeh, N. and Alexander, M. and Chen, W. and Drenkard, E. J. and du Pontavice, H. and Dussin, R. and Gomez, F. and John, J. G. and Kang, D. and Lavoie, D. and Resplandy, L. and Roobaert, A. and Saba, V. and Shin, S.-I. and Siedlecki, S. and Simkins, J.},
  doi     = {10.5194/gmd-16-6943-2023},
  journal = {Geoscientific Model Development},
  number  = {23},
  pages   = {6943--6985},
  title   = {A high-resolution physical--biogeochemical model for marine resource applications in the northwest {Atlantic (MOM6-COBALT-NWA12 v1.0)}},
  url     = {https://gmd.copernicus.org/articles/16/6943/2023/},
  volume  = {16},
  year    = {2023}
}

@article{arakawa1977computational,
  title   = {Computational design of the basic dynamical processes of the {UCLA} general circulation model},
  author  = {Arakawa, A. and Lamb, V. R.},
  journal = {Methods in Computational Physics: Advances in Research and Applications},
  volume  = {17},
  number  = {Supplement C},
  pages   = {173--265},
  year    = {1977},
  doi     = {10.1016/B978-0-12-460817-7.50009-4}
}

@article{griffies2014elements,
  title   = {Elements of the modular ocean model ({MOM})},
  author  = {Griffies, S. M.},
  journal = {GFDL Ocean Group Tech. Rep.},
  volume  = {7},
  pages   = {47},
  year    = {2014},
  url     = {https://mom-ocean.github.io/assets/pdfs/MOM5_manual.pdf}
}

@article{Herzfeld2011,
  author  = {M. Herzfeld and M. Schmidt and S. M. Griffies and Z. Liang},
  title   = {Realistic test cases for limited area ocean modelling},
  journal = {Ocean Modelling},
  volume  = {37},
  number  = {1},
  pages   = {1-34},
  year    = {2011},
  doi     = {10.1016/j.ocemod.2010.12.008},
}

@article{griffies2020ALE,
  author  = {Griffies, S. M. and Adcroft, A. and Hallberg, R. W.},
  doi     = {10.1029/2019MS001954},
  journal = {Journal of Advances in Modeling Earth Systems},
  number  = {10},
  pages   = {e2019MS001954},
  title   = {A primer on the vertical {Lagrangian}-remap method in ocean models based on finite volume generalized vertical coordinates},
  volume  = {12},
  year    = {2020}
}

@misc{silvestri2023oceananigansjl,
  title         = {Oceananigans.jl: {A} model that achieves breakthrough resolution, memory, and energy efficiency in global ocean simulations},
  author        = {Simone Silvestri and Gregory L. Wagner and Christopher Hill and Matin Raayai Ardakani and Johannes Blaschke and Jean-Michel Campin and Valentin Churavy and Navid C. Constantinou and Alan Edelman and John Marshall and Ali Ramadhan and Andre Souza and Raffaele Ferrari},
  year          = {2023},
  eprint        = {2309.06662},
  archivePrefix = {arXiv},
  primaryClass  = {physics.ao-ph},
  doi           = {10.48550/arXiv.2309.06662}
}

@incollection{Gula2022ch8,
  title     = {Chapter 8 -- Submesoscale processes and mixing},
  editor    = {Michael Meredith and Alberto {Naveira Garabato}},
  booktitle = {Ocean Mixing},
  publisher = {Elsevier},
  pages     = {181-214},
  year      = {2022},
  isbn      = {978-0-12-821512-8},
  doi       = {10.1016/B978-0-12-821512-8.00015-3},
  author    = {Jonathan Gula and John Taylor and Andrey Shcherbina and Amala Mahadevan},
}

@incollection{deLavergne2022ch3,
  title     = {Chapter 3 -- The role of mixing in the large-scale ocean circulation},
  editor    = {Michael Meredith and Alberto {Naveira Garabato}},
  booktitle = {Ocean Mixing},
  publisher = {Elsevier},
  pages     = {35-63},
  year      = {2022},
  isbn      = {978-0-12-821512-8},
  doi       = {10.1016/B978-0-12-821512-8.00010-4},
  author    = {Casimir {de Lavergne} and Sjoerd Groeskamp and Jan Zika and Helen L. Johnson},
}

@incollection{Melet2022ch2,
  title     = {Chapter 2 -- The role of ocean mixing in the climate system},
  editor    = {Michael Meredith and Alberto {Naveira Garabato}},
  booktitle = {Ocean Mixing},
  publisher = {Elsevier},
  pages     = {5-34},
  year      = {2022},
  isbn      = {978-0-12-821512-8},
  doi       = {10.1016/B978-0-12-821512-8.00009-8},
  author    = {Angélique V. Melet and Robert Hallberg and David P. Marshall},
}


@article{Orlanski1976,
  author  = {I. Orlanski},
  doi     = {10.1016/0021-9991(76)90023-1},
  journal = {Journal of Computational Physics},
  number  = {3},
  pages   = {251-269},
  title   = {A simple boundary condition for unbounded hyperbolic flows},
  volume  = {21},
  year    = {1976},
}

@book{richardson1922weather,
  title     = {Weather prediction by numerical processes},
  author    = {Richardson, L. F.},
  publisher = {Cambridge University Press},
  address   = {London, UK},
  year      = {1922},
  doi       = {10.1017/CBO9780511618291}
}

@article{bleck2002gvc,
  author  = {Rainer Bleck},
  doi     = {10.1016/S1463-5003(01)00012-9},
  journal = {Ocean Modelling},
  number  = {1},
  pages   = {55-88},
  title   = {An oceanic general circulation model framed in hybrid isopycnic-{Cartesian} coordinates},
  volume  = {4},
  year    = {2002}
}


@misc{CEFIregional,
  author    = {Yi-Cheng Teng and Andrew Ross and Theresa Morrison},
  title     = {{CEFI-regional-MOM6: Essential tools, XML files, and source codes for collaborators of the Climate, Ecosystems, and Fisheries Initiative (CEFI) to conduct simulations}},
  year      = {2023},
  publisher = {GitHub},
  journal   = {GitHub repository},
  url       = {https://github.com/NOAA-GFDL/CEFI-regional-MOM6}
}

@article{ACCESS-OM2,
  author  = {Kiss, A. E. and Hogg, A. McC. and Hannah, N. and Boeira Dias, F. and Brassington, G. B. and Chamberlain, M. A. and Chapman, C. and Dobrohotoff, P. and Domingues, C. M. and Duran, E. R. and England, M. H. and Fiedler, R. and Griffies, S. M. and Heerdegen, A. and Heil, P. and Holmes, R. M. and Klocker, A. and Marsland, S. J. and Morrison, A. K. and Munroe, J. and Nikurashin, M. and Oke, P. R. and Pilo, G. S. and Richet, O. and Savita, A. and Spence, P. and Stewart, K. D. and Ward, M. L. and Wu, F. and Zhang, X.},
  doi     = {10.5194/gmd-13-401-2020},
  journal = {Geoscientific Model Development},
  number  = {2},
  pages   = {401--442},
  title   = {{ACCESS-OM2 v1.0}: a global ocean--sea ice model at three resolutions},
  volume  = {13},
  year    = {2020}
}

@article{Tsujino2018,
  author  = {Hiroyuki Tsujino and Shogo Urakawa and Hideyuki Nakano and R. Justin Small and Who M. Kim and Stephen G. Yeager and Gokhan Danabasoglu and Tatsuo Suzuki and Jonathan L. Bamber and Mats Bentsen and Claus W. B{\"o}ning and Alexandra Bozec and Eric P. Chassignet and Enrique Curchitser and Fabio {Boeira Dias} and Paul J. Durack and Stephen M. Griffies and Yayoi Harada and Mehmet Ilicak and Simon A. Josey and Chiaki Kobayashi and Shinya Kobayashi and Yoshiki Komuro and William G. Large and Julien {Le Sommer} and Simon J. Marsland and Simona Masina and Markus Scheinert and Hiroyuki Tomita and Maria Valdivieso and Dai Yamazaki},
  doi     = {10.1016/j.ocemod.2018.07.002},
  journal = {Ocean Modelling},
  pages   = {79-139},
  title   = {{JRA-55} based surface dataset for driving ocean--sea-ice models ({JRA55}-do)},
  volume  = {130},
  year    = {2018},
}

@article{Silvestri2024GPU,
  author  = {Simone Silvestri and Gregory L. Wagner and Navid C Constantinou and Christopher Hill and Jean-Michel Campin and Andre Nogueira Souza and Siddhartha Bishnu and Valentin Churavy and John C Marshall and Raffaele Ferrari},
  title   = {A {GPU}-based ocean dynamical core for routine mesoscale-resolving climate simulations},
  journal = {ESS Open Archive},
  year    = {2024},
  doi     = {10.22541/essoar.171708158.82342448/v1},
}
